@inproceedings{stam2003real,
  title     = {Real-time fluid dynamics for games},
  author    = {Stam, Jos},
  booktitle = {Proceedings of the game developer conference},
  volume    = {18},
  pages     = {25},
  year      = {2003}
}

@book{temam2001navier,
  title     = {Navier-Stokes equations: theory and numerical analysis},
  author    = {Temam, Roger},
  volume    = {343},
  year      = {2001},
  publisher = {American Mathematical Soc.}
}

@book{galbis2012vector,
  title     = {Vector analysis versus vector calculus},
  author    = {Galbis, Antonio and Maestre, Manuel},
  year      = {2012},
  publisher = {Springer Science \& Business Media}
}

@article{ash2005simulation,
  title   = {Simulation and visualization of a 3d fluid},
  author  = {Ash, Michael},
  journal = {Master's thesis, Universit{\'e} d'Orl{\'e}ans France},
  year    = {2005}
}

@misc{inspectoyt,
  title  = {But How DO Fluid Simulations Work?},
  url    = {https://www.youtube.com/watch?v=qsYE1wMEMPA},
  author = {Inspecto},
  year   = {2020}
}

@misc{shiffmanyt,
  title  = {Coding Challenge \#132: Fluid Simulation},
  url    = {https://www.youtube.com/watch?v=alhpH6ECFvQ},
  author = {Daniel Shiffman},
  year   = {2019}
}

@misc{ashdummies,
  title  = {Fluid Simulation for Dummies},
  url    = {https://mikeash.com/pyblog/fluid-simulation-for-dummies.html},
  author = {Mike Ash},
  year   = {2006}
}

@article{mlsmpm,
  title={A moving least squares material point method with displacement discontinuity and two-way rigid body coupling},
  author={Hu, Yuanming and Fang, Yu and Ge, Ziheng and Qu, Ziyin and Zhu, Yixin and Pradhana, Andre and Jiang, Chenfanfu},
  journal={ACM Transactions on Graphics (TOG)},
  volume={37},
  number={4},
  pages={1--14},
  year={2018},
  publisher={ACM New York, NY, USA}
}